@inproceedings{energy_asip,
 author = {Jung, Seungrok and Kim, Jungsoo and Na, Sangkwon and Kyung, Chong-Min},
 title = {Energy-aware instruction-set customization for real-time embedded multiprocessor systems},
 booktitle = {Proceedings of the 14th ACM/IEEE international symposium on Low power electronics and design},
 series = {ISLPED '09},
 year = {2009},
 isbn = {978-1-60558-684-7},
 location = {San Fancisco, CA, USA},
 pages = {335--338},
 numpages = {4},
 url = {http://doi.acm.org/10.1145/1594233.1594316},
 doi = {10.1145/1594233.1594316},
 acmid = {1594316},
 publisher = {ACM},
 address = {New York, NY, USA},
 keywords = {DVFS, configurable processors, instruction set extensions},
} 

@incollection {general_mapping,
   author = {Benoit, Anne and Robert, Yves},
   affiliation = {LIP, UMR CNRS-INRIA-UCBL 5668, ENS Lyon France},
   title = {Mapping Pipeline Skeletons onto Heterogeneous Platforms},
   booktitle = {Computational Science â€“ ICCS 2007},
   series = {Lecture Notes in Computer Science},
   editor = {Shi, Yong and van Albada, Geert and Dongarra, Jack and Sloot, Peter},
   publisher = {Springer Berlin / Heidelberg},
   isbn = {978-3-540-72583-1},
   keyword = {Computer Science},
   pages = {591-598},
   volume = {4487},
   year = {2007}
}

@inproceedings{energy_custom,
 author = {Lin, Hai and Fei, Yunsi},
 title = {Exploring custom instruction synthesis for application-specific instruction set processors with multiple design objectives},
 booktitle = {Proceedings of the 16th ACM/IEEE international symposium on Low power electronics and design},
 series = {ISLPED '10},
 year = {2010},
 isbn = {978-1-4503-0146-6},
 location = {Austin, Texas, USA},
 pages = {141--146},
 numpages = {6},
 url = {http://doi.acm.org/10.1145/1840845.1840875},
 doi = {10.1145/1840845.1840875},
 acmid = {1840875},
 publisher = {ACM},
 address = {New York, NY, USA},
 keywords = {asips, multi-objective design},
} 

@inproceedings{pipeline,
 author = {Shee, Seng Lin and Erdos, Andrea and Parameswaran, Sri},
 title = {Heterogeneous multiprocessor implementations for JPEG:: a case study},
 booktitle = {Proceedings of the 4th international conference on Hardware/software codesign and system synthesis},
 series = {CODES+ISSS '06},
 year = {2006},
 isbn = {1-59593-370-0},
 location = {Seoul, Korea},
 pages = {217--222},
 numpages = {6},
 url = {http://doi.acm.org/10.1145/1176254.1176307},
 doi = {10.1145/1176254.1176307},
 acmid = {1176307},
 publisher = {ACM},
 address = {New York, NY, USA},
}
@article{mem_en2,
 author = {Brooks, David and Tiwari, Vivek and Martonosi, Margaret},
 title = {Wattch: a framework for architectural-level power analysis and optimizations},
 journal = {SIGARCH Comput. Archit. News},
 issue_date = {May 2000},
 volume = {28},
 number = {2},
 month = may,
 year = {2000},
 issn = {0163-5964},
 pages = {83--94},
 numpages = {12},
 url = {http://doi.acm.org/10.1145/342001.339657},
 doi = {10.1145/342001.339657},
 acmid = {339657},
 publisher = {ACM},
 address = {New York, NY, USA},
} 

@inproceedings{mem_en1,
 author = {Ko, Uming and Balsara, Poras T. and Nanda, Ashwini K.},
 title = {Energy optimization of multi-level processor cache architectures},
 booktitle = {Proceedings of the 1995 international symposium on Low power design},
 series = {ISLPED '95},
 year = {1995},
 isbn = {0-89791-744-8},
 location = {Dana Point, California, United States},
 pages = {45--49},
 numpages = {5},
 url = {http://doi.acm.org/10.1145/224081.224090},
 doi = {10.1145/224081.224090},
 acmid = {224090},
 publisher = {ACM},
 address = {New York, NY, USA},
} 

@INPROCEEDINGS{sun_asip, 
author={Fei Sun and Jha, N.K. and Ravi, S. and Raghunathan, A.}, 
booktitle={VLSI Design, 2005. 18th International Conference on}, title={Synthesis of application-specific heterogeneous multiprocessor architectures using extensible processors}, 
year={2005}, 
month={jan.}, 
volume={}, 
number={}, 
pages={ 551 - 556}, 
keywords={ Tensilica Inc.; Xtensa; application-specific heterogeneous multiprocessor architecture; custom instruction selection; extensible processors; heterogeneous multiprocessor synthesis; heterogeneous multiprocessor systems-on-chip; instruction set; iterative improvement algorithm; multiple processors; nanometer fabrication; power consumption; software benchmarks; symmetric multiprocessor architectures; synthesized multiprocessor architecture; task assignment; task scheduling; task-level software pipelining; embedded systems; hardware-software codesign; instruction sets; integrated circuit design; microprocessor chips; system-on-chip;}, 
doi={10.1109/ICVD.2005.155}, 
ISSN={1063-9667},}

@article{wattch,
 author = {Brooks et al.},
 title = {Wattch: a framework for architectural-level power analysis and optimizations},
 journal = {SIGARCH Comput. Archit. News},
 issue_date = {May 2000},
 volume = {},
 number = {},
 month = {},
 year = {2000},
 issn = {},
 pages = {},
 numpages = {},
 url = {},
 doi = {},
 acmid = {},
 publisher = {},
 address = {},
}


@ARTICLE{simplescalar,
author={Austin et al.},
journal={Computer}, title={SimpleScalar: an infrastructure for computer system modeling},
year={2002},
month={},
volume={},
number={},
pages={},
keywords={},
doi={},
ISSN={},}

@article{hotspot,
 author = {Skadron et al.},
 title = {Temperature-aware microarchitecture},
 journal = {SIGARCH Comput. Archit. News},
 issue_date = {},
 volume = {},
 number = {},
 month = {},
 year = {2003},
 issn = {},
 pages = {},
 numpages = {},
 url = {},
 doi = {},
 acmid = {},
 publisher = {},
 address = {New York, NY, USA},
}

@INPROCEEDINGS{simulation_point,
author={Perelman et al.},
booktitle={PACT 2003.}, title={Picking statistically valid and early simulation points},
year={},
month={},
volume={},
number={},
pages={},
keywords={},
doi={},
ISSN={},}

@misc{spec_benchmarks,
title = {{SPEC CPU} {B}enchmarks},
note = {\url{http://www.spec.org/benchmarks.html}}
}

@misc{synopsys,
key = {{Synopsys}},
title = {{Synopsys}},
note = {\url{http://www.synopsys.com}},
year = {2010}
}

@misc{tensilica,
title = {Diamond {S}tandard 108{M}ini {C}ontroller: {A} {S}mall, {L}ow-{P}ower, {C}ache-less {RISC CPU}},
author = {Tensilica Inc.},
note = {\url{http://www.tensilica.com/uploads/pdf/108Mini.pdf}},
year = 2010
}

@article{ramp,
 author = {Srinivasan et al.},
 title = {The Case for Lifetime Reliability-Aware Microprocessors},
 journal = {SIGARCH Comput. Archit. News},
 issue_date = {},
 volume = {},
 number = {},
 month = {},
 year = {2004},
 issn = {},
 pages = {},
 url = {},
 doi = {},
 acmid = {},
 publisher = {},
 address = {},
}
@INPROCEEDINGS{dtm_r,
author={Mitra, T. and Jayaseelan, R.},
booktitle={DAC '09.}, title={Dynamic thermal management via architectural adaptation},
year={},
month={},
volume={},
number={},
pages={},
keywords={},
doi={},
ISSN={},}

@ARTICLE{elastic,
author={Sylvester, D. and Blaauw, D. and Karl, E.},
journal={Design Test of Computers, IEEE}, title={ElastIC: An Adaptive Self-Healing Architecture for Unpredictable Silicon},
year={2006},
month={},
volume={},
number={},
pages={},
keywords={},
doi={},
ISSN={},}


@INPROCEEDINGS{scaling,
author={Srinivasan et al.},
booktitle={Dependable Systems and Networks, 2004 International Conference on}, title={The impact of technology scaling on lifetime reliability},
year={2004},
month={},
volume={},
number={},
pages={},
keywords={ },
doi={},
ISSN={ },}

@inproceedings{dtm_s,
 author = {Skadron, Kevin},
 title = {Hybrid Architectural Dynamic Thermal Management},
 booktitle = {},
 series = {DATE '04},
 year = {},
 isbn = {},
 pages = {},
 url = {},
 acmid = {},
 publisher = {},
 address = {},
}


@inproceedings{drm_k,
 author = {Karl et al.},
 title = {Reliability modeling and management in dynamic microprocessor-based systems},
 booktitle = {},
 series = {DAC '06},
 year = {},
 isbn = {},
 location = {},
 pages = {},
 numpages = {},
 url = {},
 doi = {},
 acmid = {},
 publisher = {},
 address = {},
 keywords = {},
}

@ARTICLE{drm_ro,
author={Rosing, T.S. and Mihic, K. and De Micheli, G.},
journal={Very Large Scale Integration (VLSI) Systems}, title={Power and Reliability Management of SoCs},
year={2007},
month={ },
volume={},
number={},
pages={},
keywords={},
doi={},
ISSN={},}

@inproceedings{drm_software2,
 author = {Huang, Lin and Yuan, Feng and Xu, Qiang},
 title = {Lifetime reliability-aware task allocation and scheduling for MPSoC platforms},
 booktitle = {},
 series = {DATE '09},
 year = {},
 isbn = {},
 location = {},
 pages = {},
 numpages = {},
 url = {},
 acmid = {},
 publisher = {},
 address = {},
}


@INPROCEEDINGS{cache,
author={Albonesi, D.H.},
booktitle={Microarchitecture, 1999. MICRO-32.}, title={Selective cache ways: on-demand cache resource allocation},
year={},
month={},
volume={},
number={},
pages={},
keywords={},
doi={},
ISSN={},}

@article{bayesian,
 author = {Zhao et al.},
 title = {Face recognition: A literature survey},
 journal = {ACM Comput. Surv.},
 issue_date = {},
 volume = {},
 number = {},
 month = {},
 year = {2003},
 issn = {},
 pages = {},
 numpages = {},
 url = {},
 doi = {},
 acmid = {},
 publisher = {},
 address = {},
 keywords = {},
}


@inproceedings{issue_queue,
 author = {Buyuktosunoglu et al.},
 title = {A circuit level implementation of an adaptive issue queue for power-aware microprocessors},
 booktitle = {},
 series = {GLSVLSI '01},
 year = {},
 isbn = {},
 location = {},
 pages = {},
 numpages = {},
 url = {},
 doi = {},
 acmid = {},
 publisher = {},
 address = {},
}


@INPROCEEDINGS{prediction_model,
author={Karkhanis, T.S. and Smith, J.E.},
booktitle={Computer Architecture, 2004.}, title={A first-order superscalar processor model},
year={},
month={},
volume={},
number={},
pages={},
keywords={ },
doi={},
ISSN={},}

@ARTICLE{pid,
author={Zwe-Lee Gaing},
journal={Energy Conversion, IEEE Transactions on},
title={A particle swarm optimization approach for optimum design of PID controller in AVR system},
year={2004},
month={},
volume={},
number={},
pages={},
keywords={},
doi={},
ISSN={},}

@inproceedings{sri,
 author = {Srinivasan et al.},
 title = {Exploiting Structural Duplication for Lifetime Reliability Enhancement},
 booktitle = {},
 series = {ISCA '05},
 year = {},
 isbn = {},
 pages = {},
 numpages = {},
 url = {},
 doi = {},
 acmid = {},
 publisher = {},
 address = {},
}

@inproceedings{multicore_dtm,
 author = {Donald, James and Martonosi, Margaret},
 title = {Techniques for Multicore Thermal Management: Classification and New Exploration},
 booktitle = {},
 series = {ISCA '06},
 year = {},
 isbn = {},
 pages = {},
 numpages = {},
 url = {},
 doi = {},
 acmid = {},
 publisher = {},
 address = {},
}

@INPROCEEDINGS{b_dtm,
author={Brooks, D. and Martonosi, M.},
booktitle={HPCA, 2001.}, title={Dynamic thermal management for high-performance microprocessors},
year={},
month={},
volume={},
number={},
pages={},
keywords={},
doi={},
ISSN={},}

@inproceedings{p_drm,
 author = {Zhuo, Cheng and Sylvester, Dennis and Blaauw, David},
 title = {Process variation and temperature-aware reliability management},
 booktitle = {},
 series = {DATE '10},
 year = {},
 isbn = {},
 location = {},
 pages = {},
 numpages = {},
 url = {},
 acmid = {},
 publisher = {},
 address = {},
}

@incollection {maestro,

   author = {Feng et al.},

   affiliation = {},

   title = {Maestro: Orchestrating Lifetime Reliability in Chip Multiprocessors},

   booktitle = {High Performance Embedded Architectures and Compilers},

   series = {},

   editor = {},

   publisher = {},

   isbn = {},

   keyword = {},

   pages = {},

   volume = {},

   url = {},

   note = {},

   year = {2010},

}

@INPROCEEDINGS{guard,
author={Agarwal et al.},
booktitle={VLSI Test Symposium, 2007.}, title={Circuit Failure Prediction and Its Application to Transistor Aging},
year={},
month={},
volume={},
number={},
pages={},
keywords={},
doi={},
ISSN={},}

@INPROCEEDINGS{issue_width,
author={Bahar, R.I. and Manne, S.},
booktitle={Computer Architecture, 2001.}, title={Power and energy reduction via pipeline balancing},
year={},
month={},
volume={},
number={},
pages={},
keywords={},
doi={},
ISSN={},}

@INPROCEEDINGS{phase_detection,
author={Dhodapkar, A.S. and Smith, J.E.},
booktitle={Computer Architecture, 2002.}, title={Managing multi-configuration hardware via dynamic working set analysis},
year={},
month={},
volume={},
number={},
pages={},
keywords={},
doi={},
ISSN={},}
